@article{lee2016bayesian,
  title={Bayesian inference for intratumour heterogeneity in mutations and copy number variation},
  author={Lee, Juhee and M{\"u}ller, Peter and Sengupta, Subhajit and Gulukota, Kamalakar and Ji, Yuan},
  journal={Journal of the Royal Statistical Society: Series C (Applied Statistics)},
  year={2016},
  publisher={Wiley Online Library}
}

@article{aran2015systematic,
  title={Systematic pan-cancer analysis of tumour purity},
  author={Aran, Dvir and Sirota, Marina and Butte, Atul J},
  journal={Nature communications},
  volume={6},
  year={2015},
  publisher={Nature Publishing Group}
}

@article{oesper2013theta,
  title={THetA: inferring intra-tumor heterogeneity from high-throughput DNA sequencing data},
  author={Oesper, Layla and Mahmoody, Ahmad and Raphael, Benjamin J},
  journal={Genome biology},
  volume={14},
  number={7},
  pages={1},
  year={2013},
  publisher={BioMed Central}
}

@article{shen2016facets,
  title={FACETS: allele-specific copy number and clonal heterogeneity analysis tool for high-throughput DNA sequencing},
  author={Shen, Ronglai and Seshan, Venkatraman E},
  journal={Nucleic acids research},
  pages={gkw520},
  year={2016},
  publisher={Oxford Univ Press}
}
