% PURITY
@article{oesper2013theta,
  title={THetA: inferring intra-tumor heterogeneity from high-throughput DNA sequencing data},
  author={Oesper, Layla and Mahmoody, Ahmad and Raphael, Benjamin J},
  journal={Genome biology},
  volume={14},
  number={7},
  pages={R80},
  year={2013},
  publisher={BioMed Central}
}


@article {RSSC:RSSC12136,
author = {Lee, Juhee and MÃ¼ller, Peter and Sengupta, Subhajit and Gulukota, Kamalakar and Ji, Yuan},
title = {Bayesian inference for intratumour heterogeneity in mutations and copy number variation},
journal = {Journal of the Royal Statistical Society: Series C (Applied Statistics)},
volume = {65},
number = {4},
issn = {1467-9876},
url = {http://dx.doi.org/10.1111/rssc.12136},
doi = {10.1111/rssc.12136},
pages = {547--563},
keywords = {Categorical Indian buffet process, Feature allocation models, Markov chain Monte Carlo methods, Next generation sequencing, Random matrices, Subclone, Variant calling},
year = {2016},
}

@article{aran2015systematic,
  title={Systematic pan-cancer analysis of tumour purity},
  author={Aran, Dvir and Sirota, Marina and Butte, Atul J},
  journal={Nature communications},
  volume={6},
  year={2015},
  publisher={Nature Research}
}

@article{shen2016facets,
  title={FACETS: allele-specific copy number and clonal heterogeneity analysis tool for high-throughput DNA sequencing},
  author={Shen, Ronglai and Seshan, Venkatraman E},
  journal={Nucleic acids research},
  volume={44},
  number={16},
  pages={e131--e131},
  year={2016},
  publisher={Oxford Univ Press}
}


