@article{barnard2000modeling,
  title={Modeling covariance matrices in terms of standard deviations and correlations, with application to shrinkage},
  author={Barnard, John and McCulloch, Robert and Meng, Xiao-Li},
  journal={Statistica Sinica},
  pages={1281--1311},
  year={2000},
  publisher={JSTOR}
}

@article{zhang2006sampling,
  title={Sampling correlation matrices in Bayesian models with correlated latent variables},
  author={Zhang, Xiao and Boscardin, W John and Belin, Thomas R},
  journal={Journal of Computational and Graphical Statistics},
  volume={15},
  number={4},
  pages={880--896},
  year={2006},
  publisher={Taylor \& Francis}
}

@article{liu2006new,
  title={A new algorithm for simulating a correlation matrix based on parameter expansion and reparameterization},
  author={Liu, Xuefeng and Daniels, Michael J},
  journal={Journal of Computational and Graphical Statistics},
  volume={15},
  number={4},
  pages={897--914},
  year={2006},
  publisher={Taylor \& Francis}
}


@phdthesis{tabet2007bayesian,
  title={Bayesian inference in the multivariate probit model},
  author={Tabet, Aline},
  year={2007},
  school={University of British Columbia}
}

@article{daniels2001shrinkage,
  title={Shrinkage estimators for covariance matrices},
  author={Daniels, Michael J and Kass, Robert E},
  journal={Biometrics},
  volume={57},
  number={4},
  pages={1173--1184},
  year={2001},
  publisher={Wiley Online Library}
}

@article{liechty2004bayesian,
  title={Bayesian correlation estimation},
  author={Liechty, John C and Liechty, Merrill W and M{\"u}ller, Peter},
  journal={Biometrika},
  volume={91},
  number={1},
  pages={1--14},
  year={2004},
  publisher={Oxford University Press}
}
