% CYTOF
@article{griffiths2011indian,
  title={The indian buffet process: An introduction and review},
  author={Griffiths, Thomas L and Ghahramani, Zoubin},
  journal={Journal of Machine Learning Research},
  volume={12},
  number={Apr},
  pages={1185--1224},
  year={2011}
}

@article{horowitz2013genetic,
  title={Genetic and environmental determinants of human NK cell diversity revealed by mass cytometry},
  author={Horowitz, Amir and Strauss-Albee, Dara M and Leipold, Michael and Kubo, Jessica and Nemat-Gorgani, Neda and Dogan, Ozge C and Dekker, Cornelia L and Mackey, Sally and Maecker, Holden and Swan, Gary E and others},
  journal={Science translational medicine},
  volume={5},
  number={208},
  pages={208ra145--208ra145},
  year={2013},
  publisher={American Association for the Advancement of Science}
}

@inproceedings{williamson2010dependent,
  title={Dependent Indian Buffet Processes},
  author={Williamson, Sinead and Orbanz, Peter and Ghahramani, Zoubin},
  booktitle={International Conference on Artificial Intelligence and Statistics},
  pages={924--931},
  year={2010}
}


