% CYTOF
@article{suck2016natural,
  title={Natural killer cells for therapy of leukemia},
  author={Suck, Garnet and Linn, Yeh Ching and Tonn, Torsten},
  journal={Transfusion Medicine and Hemotherapy},
  volume={43},
  number={2},
  pages={89--95},
  year={2016},
  publisher={Karger Publishers}
}

@article{qiu2011extracting,
  title={Extracting a cellular hierarchy from high-dimensional cytometry data with SPADE},
  author={Qiu, Peng and Simonds, Erin F and Bendall, Sean C and Gibbs Jr, Kenneth D and Bruggner, Robert V and Linderman, Michael D and Sachs, Karen and Nolan, Garry P and Plevritis, Sylvia K},
  journal={Nature biotechnology},
  volume={29},
  number={10},
  pages={886--891},
  year={2011},
  publisher={Nature Research}
}

@article{rezvani2015application,
  title={The application of natural killer cell immunotherapy for the treatment of cancer},
  author={Rezvani, Katayoun and Rouce, Rayne H},
  journal={Frontiers in immunology},
  volume={6},
  year={2015},
  publisher={Frontiers Media SA}
}


@article{sarvaria2017umbilical,
  title={Umbilical Cord Blood Natural Killer Cells, Their Characteristics, and Potential Clinical Applications},
  author={Sarvaria, Anushruti and Jawdat, Dunia and Madrigal, J Alejandro and Saudemont, Aurore},
  journal={Frontiers in Immunology},
  volume={8},
  year={2017},
  publisher={Frontiers Media SA}
}




@article{griffiths2011indian,
  title={The indian buffet process: An introduction and review},
  author={Griffiths, Thomas L and Ghahramani, Zoubin},
  journal={Journal of Machine Learning Research},
  volume={12},
  number={Apr},
  pages={1185--1224},
  year={2011}
}

@inproceedings{williamson2010dependent,
  title={Dependent Indian Buffet Processes},
  author={Williamson, Sinead and Orbanz, Peter and Ghahramani, Zoubin},
  booktitle={International Conference on Artificial Intelligence and Statistics},
  pages={924--931},
  year={2010}
}

@inproceedings{teh2007stick,
  title={Stick-breaking construction for the Indian buffet process},
  author={Teh, Yee Whye and Gr{\"u}r, Dilan and Ghahramani, Zoubin},
  booktitle={Artificial Intelligence and Statistics},
  pages={556--563},
  year={2007}
}

@inproceedings{doshi2009variational,
  title={Variational inference for the Indian buffet process},
  author={Doshi-Velez, Finale and Miller, Kurt T and Van Gael, Jurgen and Teh, Yee Whye and Unit, Gatsby},
  year={2009}
}

@article{horowitz2013genetic,
  title={Genetic and environmental determinants of human NK cell diversity revealed by mass cytometry},
  author={Horowitz, Amir and Strauss-Albee, Dara M and Leipold, Michael and Kubo, Jessica and Nemat-Gorgani, Neda and Dogan, Ozge C and Dekker, Cornelia L and Mackey, Sally and Maecker, Holden and Swan, Gary E and others},
  journal={Science translational medicine},
  volume={5},
  number={208},
  pages={208ra145--208ra145},
  year={2013},
  publisher={American Association for the Advancement of Science}
}

@article{mitra2014bayesian,
  title={Bayesian hierarchical models for protein networks in single-cell mass cytometry},
  author={Mitra, Riten and M{\"u}ller, Peter and Qiu, Peng and Ji, Yuan},
  journal={Cancer informatics},
  number={Suppl. 4},
  pages={79},
  year={2014},
  publisher={Libertas Academica Ltd}
}

@article{strauss2015human,
  title={Human NK cell repertoire diversity reflects immune experience and correlates with viral susceptibility},
  author={Strauss-Albee, Dara M and Fukuyama, Julia and Liang, Emily C and Yao, Yi and Jarrell, Justin A and Drake, Alison L and Kinuthia, John and Montgomery, Ruth R and John-Stewart, Grace and Holmes, Susan and others},
  journal={Science translational medicine},
  volume={7},
  number={297},
  pages={297ra115--297ra115},
  year={2015},
  publisher={American Association for the Advancement of Science}
}

@article{salso,
  title={Summarizing Distributions of Latent Structures},
  author={Dahl, David B. and M{\"u}ller, Peter},
  journal={Bayesian Nonparametric Inference: Dependence Structures \& Applications Oaxaca, Mexico},
  year={2017}
}

% TODO: Better citation for Cytof history?
@article{cheung2011screening,
  title={Screening: CyTOFâ€”the next generation of cell detection},
  author={Cheung, Regina K and Utz, Paul J},
  journal={Nature Reviews Rheumatology},
  volume={7},
  number={9},
  pages={502},
  year={2011},
  publisher={Nature Publishing Group}
}

% TODO: Better citation for cytometry history?
@article{herzenberg2002history,
  title={The history and future of the fluorescence activated cell sorter and flow cytometry: a view from Stanford},
  author={Herzenberg, Leonard A and Parks, David and Sahaf, Bita and Perez, Omar and Roederer, Mario and Herzenberg, Leonore A},
  journal={Clinical chemistry},
  volume={48},
  number={10},
  pages={1819--1827},
  year={2002},
  publisher={Clinical Chemistry}
}

% FlowSOM. A method for clustering CyTOF data. This seems to be state of the art. Competing method.
@article{van2015flowsom,
  title={FlowSOM: Using self-organizing maps for visualization and interpretation of cytometry data},
  author={Van Gassen, Sofie and Callebaut, Britt and Van Helden, Mary J and Lambrecht, Bart N and Demeester, Piet and Dhaene, Tom and Saeys, Yvan},
  journal={Cytometry Part A},
  volume={87},
  number={7},
  pages={636--645},
  year={2015},
  publisher={Wiley Online Library}
}
