@article{quinlan2017parsimonious,
  title={Parsimonious Hierarchical Modeling Using Repulsive Distributions},
  author={Quinlan, Jos{\'e} J and Quintana, Fernando A and Page, Garritt L},
  journal={arXiv preprint arXiv:1701.04457},
  year={2017}
}


@article{xie2017bayesian,
  title={Bayesian Repulsive Gaussian Mixture Model},
  author={Xie, Fangzheng and Xu, Yanxun},
  journal={arXiv preprint arXiv:1703.09061},
  year={2017}
}


@inproceedings{petralia2012repulsive,
  title={Repulsive mixtures},
  author={Petralia, Francesca and Rao, Vinayak and Dunson, David B},
  booktitle={Advances in Neural Information Processing Systems},
  pages={1889--1897},
  year={2012}
}
