% CYTOF
@article{griffiths2011indian,
  title={The indian buffet process: An introduction and review},
  author={Griffiths, Thomas L and Ghahramani, Zoubin},
  journal={Journal of Machine Learning Research},
  volume={12},
  number={Apr},
  pages={1185--1224},
  year={2011}
}

@inproceedings{williamson2010dependent,
  title={Dependent Indian Buffet Processes},
  author={Williamson, Sinead and Orbanz, Peter and Ghahramani, Zoubin},
  booktitle={International Conference on Artificial Intelligence and Statistics},
  pages={924--931},
  year={2010}
}

@inproceedings{teh2007stick,
  title={Stick-breaking construction for the Indian buffet process},
  author={Teh, Yee Whye and Gr{\"u}r, Dilan and Ghahramani, Zoubin},
  booktitle={Artificial Intelligence and Statistics},
  pages={556--563},
  year={2007}
}

@inproceedings{doshi2009variational,
  title={Variational inference for the Indian buffet process},
  author={Doshi-Velez, Finale and Miller, Kurt T and Van Gael, Jurgen and Teh, Yee Whye and Unit, Gatsby},
  year={2009}
}

@article{horowitz2013genetic,
  title={Genetic and environmental determinants of human NK cell diversity revealed by mass cytometry},
  author={Horowitz, Amir and Strauss-Albee, Dara M and Leipold, Michael and Kubo, Jessica and Nemat-Gorgani, Neda and Dogan, Ozge C and Dekker, Cornelia L and Mackey, Sally and Maecker, Holden and Swan, Gary E and others},
  journal={Science translational medicine},
  volume={5},
  number={208},
  pages={208ra145--208ra145},
  year={2013},
  publisher={American Association for the Advancement of Science}
}

@article{mitra2014bayesian,
  title={Bayesian hierarchical models for protein networks in single-cell mass cytometry},
  author={Mitra, Riten and M{\"u}ller, Peter and Qiu, Peng and Ji, Yuan},
  journal={Cancer informatics},
  number={Suppl. 4},
  pages={79},
  year={2014},
  publisher={Libertas Academica Ltd}
}

@article{strauss2015human,
  title={Human NK cell repertoire diversity reflects immune experience and correlates with viral susceptibility},
  author={Strauss-Albee, Dara M and Fukuyama, Julia and Liang, Emily C and Yao, Yi and Jarrell, Justin A and Drake, Alison L and Kinuthia, John and Montgomery, Ruth R and John-Stewart, Grace and Holmes, Susan and others},
  journal={Science translational medicine},
  volume={7},
  number={297},
  pages={297ra115--297ra115},
  year={2015},
  publisher={American Association for the Advancement of Science}
}
